<?xml version="1.0" encoding="UTF-8"?><collection xmlns="http://www.loc.gov/MARC21/slim"><record><leader>00471nam--2200157-i-4500</leader><controlfield tag="001">000023533</controlfield><controlfield tag="002">20161230</controlfield><controlfield tag="005">20161230201035</controlfield><controlfield tag="008">060222s1000------------r-----000-0-eng-d</controlfield><datafield ind1=" " ind2=" " tag="080"><subfield code="a">517.2(075.8):517.3(075.8)</subfield></datafield><datafield ind1="1" ind2=" " tag="100"><subfield code="a">Ionescu-tiu, C. Si Pirsan, Liviu</subfield></datafield><datafield ind1="1" ind2="0" tag="245"><subfield code="a">Calcul diferential si integral pentru admitere in facultate</subfield></datafield><datafield ind1=" " ind2=" " tag="260"><subfield code="a">Bucuresti,Editura Albatros, 1975. 608p</subfield></datafield><datafield ind1=" " ind2=" " tag="490"><subfield code="a">Sinteze Lyceum</subfield></datafield><datafield ind1=" " ind2=" " tag="852"><subfield code="a">42784</subfield><subfield code="c">517.2/3</subfield></datafield><datafield ind1=" " ind2=" " tag="CAT"><subfield code="a">Sys</subfield><subfield code="c">20080717</subfield><subfield code="h">131016</subfield></datafield></record></collection>